@Article{chorin,
	title = "Numerical Solution of the Navier-Stokes Equations*",
	author = "Alexandre Joel Chorin",
	journal = "Math. Comp.",
	pages = "745-762",
	volume = "22",
	year = "1968",
	doi = "10.1090/S0025-5718-1968-0242392-2"
}

@book{bird,
    author    = "G. Bird",
    title     = "Molecular gas dynamics",
    publisher = "Oxford engineering science series",
    %volume   = "",
    %number   = "",
    %series   = "",
    %address  = "",
    %edition  = "",
    year      = "1976",
    %month    = "",
    %note     = "",
    url		  = "http://books.google.com/books?id=OAgpAQAAMAAJ"
}

@InBook{ viscous_fluid_flow,
	title = "Viscous Fluid Flow",
	author = "Frank M. White",
	publisher = "McGraw-Hill Education",
	chapter = "3 - Solutions of the Newtonian Viscous-Flow Equations",
	year = "2006"
}